@misc
{
	ref:depth1,
	title={Periodontal terms diagram gingival recession},
	url={https://en.wikipedia.org/wiki/File:Periodontal_terms_diagram_gingival_recession.png},
	journal={File:Periodontal terms diagram gingival recession.png},
	publisher={Wikipedia},
	year={2014},
	month={Mar}
}

@article
{
	ref:ai1,
	title={Artificial intelligence: A modern approach prentice-hall},
	author={Russell, Stuart and Norvig, Peter},
	journal={Englewood cliffs, NJ},
	volume={26},
	year={1995}
}

@article
{
	ref:asian1,
	title={Traditional Asian medicine and oral health},
	author={Borchers, Andrea T and Mao, Tin K and KEEN, Carl L and SCHMITZ, Harold H and WATANABE, Hiroshi and GERSHWIN, M Eric},
	journal={Journal of Traditional Medicines},
	volume={21},
	number={1},
	pages={17--26},
	year={2004},
	publisher={Medical and Pharmaceutical Society for WAKAN-YAKU}
}

@article
{
	ref:cause1,
	title={Personal risk factors for generalized periodontitis},
	author={Clarke, Nigel G and Hirsch, Robert S},
	journal={Journal of clinical periodontology},
	volume={22},
	number={2},
	pages={136--145},
	year={1995},
	publisher={Wiley Online Library}
}

@article
{
	ref:biomarker2,
	title={A study of the bacteria associated with advancing periodontitis in man},
	author={Tanner, Anne Cecilia Reynallt and Haffer, C and Bratthall, GT and Visconti, RA and Socransky, SS},
	journal={Journal of clinical periodontology},
	volume={6},
	number={5},
	pages={278--307},
	year={1979},
	publisher={Wiley Online Library}
}

@article
{
	ref:biomarker1,
	title={Bacteria as risk markers for periodontitis},
	author={Wolff, Larry and Dahl{\'e}n, Gunnar and Aeppli, Dorothee},
	journal={Journal of periodontology},
	volume={65},
	pages={498--510},
	year={1994},
	publisher={Wiley Online Library}
}

@article
{
	ref:perio2,
	title={Pathogenesis of periodontitis},
	author={Listgarten, Max A},
	journal={Journal of clinical periodontology},
	volume={13},
	number={5},
	pages={418--425},
	year={1986},
	publisher={Wiley Online Library}
}

@article
{
	ref:perio1,
	title={Periodontitis},
	author={Flemmig, Thomas F},
	journal={Annals of Periodontology},
	volume={4},
	number={1},
	pages={32--37},
	year={1999},
	publisher={Wiley Online Library}
}

@software
{
	ref:seaborn1,
	author       = {Michael Waskom and
	Olga Botvinnik and
	Paul Hobson and
	John B. Cole and
	Yaroslav Halchenko and
	Stephan Hoyer and
	Alistair Miles and
	Tom Augspurger and
	Tal Yarkoni and
	Tobias Megies and
	Luis Pedro Coelho and
	Daniel Wehner and
	cynddl and
	Erik Ziegler and
	diego0020 and
	Yury V. Zaytsev and
	Travis Hoppe and
	Skipper Seabold and
	Phillip Cloud and
	Miikka Koskinen and
	Kyle Meyer and
	Adel Qalieh and
	Dan Allan},
	title        = {seaborn: v0.5.0 (November 2014)},
	month        = nov,
	year         = 2014,
	publisher    = {Zenodo},
	version      = {v0.5.0},
	doi          = {10.5281/zenodo.12710},
	url          = {https://doi.org/10.5281/zenodo.12710}
}

@article
{
	ref:pandas1,
	title={pandas: a foundational Python library for data analysis and statistics},
	author={McKinney, Wes and others},
	journal={Python for High Performance and Scientific Computing},
	volume={14},
	number={9},
	year={2011}
}

@article
{
	ref:sklearn1,
	title={Scikit-learn: Machine learning in Python},
	author={Pedregosa, Fabian and Varoquaux, Ga{\"e}l and Gramfort, Alexandre and Michel, Vincent and Thirion, Bertrand and Grisel, Olivier and Blondel, Mathieu and Prettenhofer, Peter and Weiss, Ron and Dubourg, Vincent and others},
	journal={Journal of machine learning research},
	volume={12},
	number={Oct},
	pages={2825--2830},
	year={2011}
}